<?xml version="1.0" encoding="UTF-8"?><record xmlns="http://www.loc.gov/MARC21/slim" xmlns:cinclude="http://apache.org/cocoon/include/1.0" xmlns:zs="http://www.loc.gov/zing/srw/">
  <leader>00407nz  a2200145n  4500</leader>
  <controlfield tag="001">no2007036802</controlfield>
  <controlfield tag="003">DLC</controlfield>
  <controlfield tag="005">20070405075216.0</controlfield>
  <controlfield tag="008">070403n| acannaabn          |a aaa     c</controlfield>
  <datafield tag="010" ind1=" " ind2=" ">
    <subfield code="a">no2007036802</subfield>
  </datafield>
  <datafield tag="035" ind1=" " ind2=" ">
    <subfield code="a">(OCoLC)oca07373123</subfield>
  </datafield>
  <datafield tag="040" ind1=" " ind2=" ">
    <subfield code="a">CoU</subfield>
    <subfield code="b">eng</subfield>
    <subfield code="c">CoU</subfield>
  </datafield>
  <datafield tag="100" ind1="1" ind2=" ">
    <subfield code="a">Gross, D.</subfield>
    <subfield code="q">(Dietmar).</subfield>
    <subfield code="t">Bruchmechanik.</subfield>
    <subfield code="l">English</subfield>
  </datafield>
  <datafield tag="400" ind1="1" ind2=" ">
    <subfield code="a">Gross, D.</subfield>
    <subfield code="q">(Dietmar).</subfield>
    <subfield code="t">Fracture mechanics</subfield>
  </datafield>
  <datafield tag="670" ind1=" " ind2=" ">
    <subfield code="a">Fracture mechanics, c2006.</subfield>
  </datafield>
</record>